<record><leader>00000cas a22000007a 4500</leader><controlfield tag="001">14088867</controlfield><controlfield tag="008">860814d18971928txudn ne      0    0eng d</controlfield><datafield ind1=" " ind2=" " tag="010"><subfield code="a">sn 86088549 </subfield></datafield><datafield ind1=" " ind2=" " tag="040"><subfield code="a">PPM</subfield><subfield code="b">eng</subfield><subfield code="c">PPM</subfield><subfield code="d">OCLCQ</subfield></datafield><datafield ind1=" " ind2=" " tag="042"><subfield code="a">msc</subfield></datafield><datafield ind1="0" ind2="0" tag="245"><subfield code="a">Cleburne morning review.</subfield></datafield><datafield ind1=" " ind2=" " tag="260"><subfield code="a">Cleburne, Tex. :</subfield><subfield code="b">Cleburne Pub. Co.</subfield></datafield><datafield ind1=" " ind2=" " tag="300"><subfield code="a">v. :</subfield><subfield code="b">ill. ;</subfield><subfield code="c">56 cm.</subfield></datafield><datafield ind1=" " ind2=" " tag="310"><subfield code="a">Daily (except Mon.)</subfield></datafield><datafield ind1="0" ind2=" " tag="362"><subfield code="a">Vol. 1, no. 2 (Aug. 3, 1897)-v. 24, no. 262 (Sept. 30, 1928).</subfield></datafield><datafield ind1=" " ind2=" " tag="500"><subfield code="a">Consolidated with: Cleburne daily times on Oct. 1, 1928.</subfield></datafield><datafield ind1=" " ind2=" " tag="580"><subfield code="a">Merged with: Cleburne daily times, to form: Cleburne times review.</subfield></datafield><datafield ind1=" " ind2=" " tag="752"><subfield code="a">United States</subfield><subfield code="b">Texas</subfield><subfield code="c">Johnson</subfield><subfield code="d">Cleburne.</subfield></datafield><datafield ind1="1" ind2="7" tag="785"><subfield code="t">Cleburne daily times</subfield></datafield><datafield ind1="1" ind2="7" tag="785"><subfield code="t">Cleburne times-review.</subfield></datafield></record>